@book {ramos2016,
    author  = "Ramos Martin, A.",
    title   = "Acceso a Datos",
    journal = "Ibergarceta Publicaciones",
    year    = "2016",
    pages   = "143-144",
}
@book{chatekar2015,
  title={Learning NHibernate 4},
  author={Chatekar, S.},
  isbn={9781784392062},
  url={https://books.google.com.pe/books?id=iqJNCgAAQBAJ},
  year={2015},
  publisher={Packt Publishing}
}
@online{nhibernate,
author={NHibernate},
  title = {Home} ,
  url = {https://nhibernate.info/},
  note = {Accessed: 2019-04-07}
}
@book {ef,
    author  = "Isaj, S.",
    title   = "Entity Framework",
    journal = "Ibergarceta Publicaciones",
    year    = "2015",
    pages   = "2-7",
}
@online{do,
author={DataObjects.NET},
  title = {DataObjects.NET} ,
  url = {https://dataobjects.net/},
  note = {Accessed: 2019-04-07}
}
@online{JuntaAndalucia,
author={Junta Andalucia},
  title = {Hibernate | Marco de Desarrollo de la Junta de Andalucía} ,
  url = {http://www.juntadeandalucia.es/servicios/madeja/contenido/recurso/97/},
  note = {Accessed: 2019-04-07}
}
@online{Community,
author={Community Documentation},
  title = {Capítulo 5. Mapeo O/R Básico},
  url = {http://docs.jboss.org/hibernate/core/3.5/reference/es-ES/html/mapping.html/},
  note = {Accessed: 2019-04-07}
}
@online{Batis,
author={mikiorbe},
  title = {Descripción de iBatis: ¿Qué es?, ¿para qué sirve?},
  url = {https://mikiorbe.wordpress.com/2009/06/24/descripcion-de-ibatis-¿que-es-¿para-que-sirve/},
  note = {Accessed: 2019-04-07}
}
@online{Torque,
author={Sergio Lovillo Galán},
  title = {Diseño e implementación de un Frameworks de persistencia},
  url = {http://openaccess.uoc.edu/webapps/o2/bitstream/10609/8056/8/slovillo-TFC0611-memoria.pdf},
  note = {Accessed: 2019-04-07}
}
@online{doct,
author={Diego Lázaro},
  title = {Introducción a Doctrine ORM},
  url = {https://diego.com.es/introduccion-a-doctrine-orm},
  note = {Accessed: 2019-04-08}
}
@online{propel,
author={Propel},
  title = {The Blazing Fast Open-Source PHP 5.5 ORM. (2019)},
  url = {http://propelorm.org/},
  note = {Accessed: 2019-04-08}
}
@online{torpor,
author={Paul Tomlinson},
  title = {Torpor PHP ORM},
  url = {https://paultom linson.net/tech/torpor},
  note = {Accessed: 2019-04-08}
}
@online{Phyton,
author={Makail M},
  title = {Mapeadores objeto-relacionales (ORMs)},
  url = {https://www.fullstackpython.com/object-relational-mappers-orms.html},
  note = {Accessed: 2019-04-06}
}
@online{Poni,
author={ Pony ORM, LLC},
  title = {Pony es un ORM de Python },
  url = {https://ponyorm.org/},
  note = {Accessed: 2019-04-07}
}






